
@misc{fenner_ansatze_2024,
	title = {Ansätze zur {Sicherung} der dauerhaften {Zugänglichkeit} von {Wissenschaftsblogs}},
	url = {https://zenodo.org/records/14354060},
	abstract = {This presentation was held on December 6, 2024 as part of the networking workshop for the project Infra Wiss Blogs. The workshop brought together scholarly bloggers and experts from information infrastructure institutions, who shared their experiences and expert knowledge. In this presentation Martin Fenner (Front matter) shared approaches to ensure the long term availability of scholarly blogs.},
	language = {deu},
	urldate = {2025-01-08},
	author = {Fenner, Martin},
	month = dec,
	year = {2024},
	doi = {10.5281/zenodo.14354060},
	keywords = {Scholarly Communication, Scholarly Blogs},
	file = {Full Text PDF:files/24293/Fenner - 2024 - Ansätze zur Sicherung der dauerhaften Zugänglichke.pdf:application/pdf},
}

@misc{voigt_wiimpact_2024,
	title = {Wi⁴impact: {Befragung} von {Produzierenden} deutscher {Wissenschaftsblogs} (und -podcasts)},
	shorttitle = {Wi⁴impact},
	url = {https://zenodo.org/records/14354474},
	abstract = {This presentation was held on December 6, 2024 as part of the networking workshop for the project Infra Wiss Blogs. The workshop brought together scholarly bloggers and experts from information infrastructure institutions, who shared their experiences and expert knowledge. In this presentation Charmaine Voigt (GESIS - Leibniz-Institut für Sozialwissenschaften) shared results of a study that investigated the impact of scholarly blogs and podcasts internal and external scholarly communication.},
	language = {deu},
	urldate = {2025-01-08},
	author = {Voigt, Charmaine and Kuhle, Birte},
	month = dec,
	year = {2024},
	doi = {10.5281/zenodo.14354474},
	keywords = {Scholarly Communication, Scholarly Blogs, Scholarly Podcasts},
	file = {Full Text PDF:files/24295/Voigt and Kuhle - 2024 - Wi⁴impact Befragung von Produzierenden deutscher .pdf:application/pdf},
}

@misc{woldering_webarchivierung_2024,
	title = {Webarchivierung an der deutschen {Nationalbibliothek}},
	url = {https://zenodo.org/records/14355206},
	abstract = {This presentation was held on December 6, 2024 as part of the networking workshop for the project Infra Wiss Blogs. The workshop brought together scholarly bloggers and experts from information infrastructure institutions, who shared their experiences and expert knowledge. In this presentation Britta Woldering (Deutsche Nationalbibliothek) informed the participants about the current state of web archiving in the German national library.},
	language = {deu},
	urldate = {2025-01-08},
	author = {Woldering, Britta},
	month = dec,
	year = {2024},
	doi = {10.5281/zenodo.14355206},
	keywords = {Scholarly Communication, Scholarly Blogs},
	file = {Full Text PDF:files/24297/Woldering - 2024 - Webarchivierung an der deutschen Nationalbibliothe.pdf:application/pdf},
}

@misc{ochsner_research_2024,
	title = {Research {Group} {Information} {Management} @ {Humboldt}-{Universität} zu {Berlin} - {Project} launch: {Infra} {Wiss} {Blogs} - {Ensuring} {Permanent} {Access} to {Scholarly} {Blogs}},
	shorttitle = {Research {Group} {Information} {Management} @ {Humboldt}-{Universität} zu {Berlin} - {Project} launch},
	url = {https://infomgnt.org/posts/2024-09-05-project-launch-infra-wiss-blogs/Index.html},
	language = {en},
	urldate = {2025-01-10},
	author = {Ochsner, Catharina and Pampel, Heinz},
	month = sep,
	year = {2024},
	file = {Snapshot:files/24299/Index.html:text/html},
}
