 
@article{marcum_peer-review_2025,
	title = {Peer-Review for a Blog Post? My Experience with {MetaROR}},
	rights = {https://creativecommons.org/licenses/by/4.0/legalcode},
	url = {https://doi.org/10.54900/bymaz-4fw37},
	doi = {10.54900/bymaz-4fw37},
	shorttitle = {Peer-Review for a Blog Post?},
	abstract = {A few months back, Upstream editor Martin Fenner suggested that I submit my Upstream blog post titled, Drinking from the Firehose? Write More and Publish Less, for peer-review as a sort of experiment for Upstream through {MetaROR}. {MetaROR}, a relative newcomer to the scholarly communication community, provides the review and},
	journaltitle = {Upstream},
	author = {Marcum, Christopher Steven},
	urldate = {2025-06-12},
	date = {2025-04-08},
	langid = {english},
}

@unpublished{steiner_archivierung_2025,
	title = {Archivierug von Blogs in Rogue Scholar â€“ Zwei Beispiele aus der Community},
	author = {Steiner, Tobias},
	date = {2025-06-11},
	doi = {10.5281/zenodo.15640396},
}

@unpublished{ochsner_blogarchivierung_2025,
	title = {Blogarchivierung mit Rogue Scholar am Beispiel von {WordPress} gehosteten Blogs},
	author = {Ochsner, Catharina and Pampel, Heinz},
	date = {2025-06-11},
	doi = {10.5281/zenodo.15640371},
}

@unpublished{fenner_blogarchivierung_2025,
	title = {Blogarchivierung von {WordPress} mit Rogue Scholar},
	author = {Fenner, Martin},
	date = {2025-06-11},
	doi = {10.5281/zenodo.15640360},
}

@unpublished{beucke_anwenderperspektive_2025,
	title = {Anwenderperspektive: {DINI}-Blog},
	author = {Beucke, Daniel},
	date = {2025-06-11},
	doi = {10.5281/zenodo.15640226},
}
