
@article{ochsner2025b,
	title = {Wissenschaftsblogs in {Deutschland}: {Eine} {Analyse} infrastruktureller {Aspekte}},
	copyright = {De Gruyter expressly reserves the right to use all content for commercial text and data mining within the meaning of Section 44b of the German Copyright Act.},
	issn = {1865-7648},
	shorttitle = {Wissenschaftsblogs in {Deutschland}},
	url = {https://www.degruyterbrill.com/document/doi/10.1515/bfp-2025-0028/html},
	doi = {10.1515/bfp-2025-0028},
	language = {de},
	urldate = {2025-10-27},
	journal = {Bibliothek Forschung und Praxis},
	author = {Ochsner, Catharina and Pampel, Heinz and Höfting, Jonas and Rothfritz, Laura},
	note = {Publisher: De Gruyter},
	date = {2025},
}

@article{ochsner2025a,
	title = {Scholarly blogs: an analysis of infrastructural aspects based on {German} scholarly blogs},
	volume = {81},
	issn = {0022-0418},
	shorttitle = {Scholarly blogs},
	url = {https://doi.org/10.1108/JD-02-2025-0053},
	doi = {10.1108/JD-02-2025-0053},
	number = {7},
	urldate = {2025-10-27},
	journal = {Journal of Documentation},
	author = {Ochsner, Catharina and Pampel, Heinz and Höfting, Jonas and Rothfritz, Laura},
	date = {2025},
	pages = {520--544},
}
