
@misc{ochsner_infra_nodate,
	title = {Infra {Wiss} {Blogs}},
	url = {https://infrawissblogs.org/},
	urldate = {2025-01-08},
	author = {Ochsner, Catharina and Pampel, Heinz},
	file = {Infra Wiss Blogs:files/24281/infrawissblogs.org.html:text/html},
}

@misc{helmholtz_blogs_henning_2025,
	title = {Henning {Krause} – {Augenspiegel}},
	url = {https://blogs.helmholtz.de/augenspiegel/author/henning/},
	urldate = {2025-01-08},
	author = {Helmholtz Blogs},
	year = {2025},
	file = {Henning Krause – Augenspiegel:files/24283/henning.html:text/html},
}

@misc{fenner_front_nodate,
	title = {Front {Matter}},
	url = {https://front-matter.io/},
	urldate = {2025-01-08},
	author = {Fenner, Martin},
	file = {Front Matter:files/24285/front-matter.io.html:text/html},
}

@misc{fenner_rogue_nodate,
	title = {Rogue {Scholar}},
	url = {https://rogue-scholar.org/},
	urldate = {2025-01-08},
	author = {Fenner, Martin},
	file = {Rogue Scholar:files/24287/rogue-scholar.org.html:text/html},
}

@misc{gesis_gesis_nodate,
	title = {{GESIS} - {Leibniz}-{Institut} für {Sozialwissenschaften}},
	url = {https://www.gesis.org/institut/ueber-uns/mitarbeitendenverzeichnis/person/Charmaine.Voigt},
	abstract = {Unser interdisziplinäres Team forscht zu vielfältigen sozialwissenschaftlichen Themen und unterstützt im Rahmen unserer Angebote Wissenschaftler*innen in ihrem Forschungsprozess.},
	language = {de},
	urldate = {2025-01-08},
	author = {GESIS},
	file = {Snapshot:files/24289/Charmaine.html:text/html},
}

@misc{deutsche_nationalbibliothek_dr_nodate,
	title = {Dr. {Britta} {Woldering}},
	url = {https://www.dnb.de/SharedDocs/Kontaktdaten/DE/wolderingBritta.html},
	abstract = {Dr. Britta Woldering},
	language = {de},
	urldate = {2025-01-08},
	journal = {Deutsche Nationalbibliothek},
	author = {Deutsche Nationalbibliothek},
	file = {Snapshot:files/24291/wolderingBritta.html:text/html},
}

@misc{fenner_ansatze_2024,
	title = {Ansätze zur {Sicherung} der dauerhaften {Zugänglichkeit} von {Wissenschaftsblogs}},
	url = {https://zenodo.org/records/14354060},
	abstract = {This presentation was held on December 6, 2024 as part of the networking workshop for the project Infra Wiss Blogs. The workshop brought together scholarly bloggers and experts from information infrastructure institutions, who shared their experiences and expert knowledge. In this presentation Martin Fenner (Front matter) shared approaches to ensure the long term availability of scholarly blogs.},
	language = {deu},
	urldate = {2025-01-08},
	author = {Fenner, Martin},
	month = dec,
	year = {2024},
	doi = {10.5281/zenodo.14354060},
	keywords = {Scholarly Blogs, Scholarly Communication},
	file = {Full Text PDF:files/24293/Fenner - 2024 - Ansätze zur Sicherung der dauerhaften Zugänglichke.pdf:application/pdf},
}

@misc{voigt_wiimpact_2024,
	title = {Wi⁴impact: {Befragung} von {Produzierenden} deutscher {Wissenschaftsblogs} (und -podcasts)},
	shorttitle = {Wi⁴impact},
	url = {https://zenodo.org/records/14354474},
	abstract = {This presentation was held on December 6, 2024 as part of the networking workshop for the project Infra Wiss Blogs. The workshop brought together scholarly bloggers and experts from information infrastructure institutions, who shared their experiences and expert knowledge. In this presentation Charmaine Voigt (GESIS - Leibniz-Institut für Sozialwissenschaften) shared results of a study that investigated the impact of scholarly blogs and podcasts internal and external scholarly communication.},
	language = {deu},
	urldate = {2025-01-08},
	author = {Voigt, Charmaine and Kuhle, Birte},
	month = dec,
	year = {2024},
	doi = {10.5281/zenodo.14354474},
	keywords = {Scholarly Blogs, Scholarly Communication, Scholarly Podcasts},
	file = {Full Text PDF:files/24295/Voigt and Kuhle - 2024 - Wi⁴impact Befragung von Produzierenden deutscher .pdf:application/pdf},
}

@misc{woldering_webarchivierung_2024,
	title = {Webarchivierung an der deutschen {Nationalbibliothek}},
	url = {https://zenodo.org/records/14355206},
	abstract = {This presentation was held on December 6, 2024 as part of the networking workshop for the project Infra Wiss Blogs. The workshop brought together scholarly bloggers and experts from information infrastructure institutions, who shared their experiences and expert knowledge. In this presentation Britta Woldering (Deutsche Nationalbibliothek) informed the participants about the current state of web archiving in the German national library.},
	language = {deu},
	urldate = {2025-01-08},
	author = {Woldering, Britta},
	month = dec,
	year = {2024},
	doi = {10.5281/zenodo.14355206},
	keywords = {Scholarly Blogs, Scholarly Communication},
	file = {Full Text PDF:files/24297/Woldering - 2024 - Webarchivierung an der deutschen Nationalbibliothe.pdf:application/pdf},
}
