
@misc{noauthor_open-access-tage_nodate,
	title = {Open-{Access}-{Tage}: {Mittwoch}, 11.09.2024},
	url = {https://open-access-tage.de/open-access-tage-2024-koeln/koeln/programm/mittwoch-11092024},
	urldate = {2024-09-23},
	file = {Open-Access-Tage\: Mittwoch, 11.09.2024:/Users/catharinaochsner/Zotero/storage/WM2APVDL/mittwoch-11092024.html:text/html},
}

@article{pampel_thesen_2024,
	title = {Thesen zur {Zukunft} des wissenschaftsgeleiteten {Open}-{Access}-{Publizierens} – {Entwicklung} und {Diskussion} in einem partizipativen {Prozess}},
	volume = {48},
	copyright = {De Gruyter expressly reserves the right to use all content for commercial text and data mining within the meaning of Section 44b of the German Copyright Act.},
	issn = {1865-7648},
	url = {https://www.degruyter.com/document/doi/10.1515/bfp-2024-0027/html},
	doi = {10.1515/bfp-2024-0027},
	abstract = {Zusammenfassung Die Diskussion über die weitere Gestaltung der Open-Access-Transformation erhielt durch die Schlussfolgerungen des Papiers „Wege des hochwertigen, transparenten, offenen, vertrauenswürdigen und fairen wissenschaftlichen Publizierens“ des Rats der Europäischen Union aus dem Mai 2023 eine neue Dynamik. Der Rat betont die Notwendigkeit von gemeinnützigen, wissenschaftsgeleiteten Open-Access-Publikationsmodellen. Als Beitrag zur Diskussion zum Thema wurden zur Satelliten-Konferenz „Wissenschaftsgeleitetes Open-Access-Publizieren“ am Institut für Bibliotheks- und Informationswissenschaft (IBI) der Humboldt-Universität zu Berlin am 26.09.2023 „Thesen zur Zukunft des wissenschaftsgeleiteten Open-Access-Publizierens“ erarbeitet. Die Veranstaltung begleitete die Open-Access-Tage 2023, die an der Freien Universität Berlin stattfanden. In diesem Aufsatz werden die Thesen vorgestellt und deren Entstehungs- und Diskussionsprozess beschrieben. Die zehn Thesen sind als Impuls für die Weiterentwicklung der Open-Access-Transformation zu verstehen.},
	language = {de},
	number = {2},
	urldate = {2024-09-30},
	journal = {Bibliothek Forschung und Praxis},
	author = {Pampel, Heinz and Bargheer, Margo and Bertelmann, Roland and Kaden, Ben and Kindling, Maxi and Schobert, Dagmar and Wrzesinski, Marcel},
	month = aug,
	year = {2024},
	note = {Publisher: De Gruyter},
	keywords = {Open access, scholarly communication, electronic publishing, information infrastructure},
	pages = {322--333},
	file = {Full Text PDF:/Users/catharinaochsner/Zotero/storage/IMK64G9S/Pampel et al. - 2024 - Thesen zur Zukunft des wissenschaftsgeleiteten Ope.pdf:application/pdf},
}
